
@ARTICLE{Ghia1982,
AUTHOR="U. Ghia, K. N. Ghia, C. T. Shin",
TITLE="High-Re solutions for incompressible flow using the Navier-Stokes equations and a multigrid method",
JOURNAL="Journal of Computational Physics",
VOLUME= "48",
ISSUE = "1",
PAGES= "387-411",
YEAR=1982
}
